<record><leader>00000cas a2200000 a 4500</leader><controlfield tag="001">51795739</controlfield><controlfield tag="008">030305d19uu19uucauwr ne      0    0eng c</controlfield><datafield ind1=" " ind2=" " tag="010"><subfield code="a">sn2003061102</subfield></datafield><datafield ind1=" " ind2=" " tag="040"><subfield code="a">CNK</subfield><subfield code="b">eng</subfield><subfield code="c">CNK</subfield><subfield code="d">OCLCQ</subfield><subfield code="d">OCLCF</subfield><subfield code="d">OCLCO</subfield></datafield><datafield ind1="1" ind2=" " tag="029"><subfield code="a">AU@</subfield><subfield code="b">000024485187</subfield></datafield><datafield ind1=" " ind2=" " tag="042"><subfield code="a">pcc</subfield></datafield><datafield ind1=" " ind2=" " tag="043"><subfield code="a">n-us-ca</subfield></datafield><datafield ind1="0" ind2="0" tag="245"><subfield code="a">Alhambra free press.</subfield></datafield><datafield ind1=" " ind2=" " tag="260"><subfield code="a">Alhambra, Calif. :</subfield><subfield code="b">Free Press Pub. Co.</subfield></datafield><datafield ind1=" " ind2=" " tag="300"><subfield code="a">v.</subfield></datafield><datafield ind1=" " ind2=" " tag="310"><subfield code="a">Weekly,</subfield><subfield code="b">July 29, 1964-</subfield></datafield><datafield ind1=" " ind2=" " tag="321"><subfield code="a">Weekly,</subfield><subfield code="b">&lt;Dec. 7, 1960-Jan. 29, 1964&gt;</subfield></datafield><datafield ind1=" " ind2=" " tag="321"><subfield code="a">Semiweekly,</subfield><subfield code="b">&lt;May 10&gt;-July 26, 1964</subfield></datafield><datafield ind1=" " ind2=" " tag="500"><subfield code="a">"Serving the cities of Alhambra, San Gabriel, El Sereno, Monterey Park, Rosemead, South San Gabriel, and San Marino."</subfield></datafield><datafield ind1=" " ind2=" " tag="515"><subfield code="a">Vol. and numbering are irregular.</subfield></datafield><datafield ind1=" " ind2=" " tag="588"><subfield code="a">Description based on: Vol. 1, no. 31 (Dec. 7, 1960).</subfield></datafield><datafield ind1=" " ind2="0" tag="651"><subfield code="a">Alhambra (Calif.)</subfield><subfield code="v">Newspapers.</subfield></datafield><datafield ind1=" " ind2="7" tag="655"><subfield code="a">Newspapers.</subfield><subfield code="2">fast</subfield><subfield code="0">(OCoLC)fst01423814</subfield></datafield><datafield ind1=" " ind2="7" tag="651"><subfield code="a">California</subfield><subfield code="z">Alhambra.</subfield><subfield code="2">fast</subfield><subfield code="0">(OCoLC)fst01217462</subfield></datafield><datafield ind1=" " ind2=" " tag="752"><subfield code="a">United States</subfield><subfield code="b">California</subfield><subfield code="c">Los Angeles</subfield><subfield code="d">Alhambra.</subfield></datafield><datafield ind1="0" ind2=" " tag="775"><subfield code="t">San Gabriel Valley free press</subfield><subfield code="w">(DLC)sn2003061103</subfield></datafield></record>